@incollection{recht,
title = {Random Features for Large-Scale Kernel Machines},
author = {Ali Rahimi and Benjamin Recht},
booktitle = {Advances in Neural Information Processing Systems 20},
editor = {J.C. Platt and D. Koller and Y. Singer and S.T. Roweis},
pages = {1177--1184},
year = {2008},
publisher = {Curran Associates, Inc.}
}

@TechReport{mitchell80,
  author = 	 "T. M. Mitchell",
  title = 	 "The Need for Biases in Learning Generalizations",
  institution =  "Computer Science Department, Rutgers University",
  year = 	 "1980",
  address =	 "New Brunswick, MA",
}